%%%%%%%%%%%%%%%%%%%%%%%%%%%%%%%%%%%
% NOSSOS %

@inproceedings{wcge,
 author = {Guilherme Borchardt and Maria Santos and Luciana Frigo and Isabela Gasparini},
 title = {Ferramenta de Visualização de Dados do Censo da Educação Superior do INEP},
 booktitle = {Anais do X Workshop de Computação Aplicada em Governo Eletrônico},
 location = {Niterói},
 year = {2022},
 keywords = {},
 issn = {2763-8723},
 pages = {227--234},
 publisher = {SBC},
 address = {Porto Alegre, RS, Brasil},
 doi = {10.5753/wcge.2022.223061},
 url = {https://sol.sbc.org.br/index.php/wcge/article/view/20725}
}

@article{santos2022analise,
  title={An{\'a}lise da evas{\~a}o feminina nos cursos de Ci{\^e}ncia da Computa{\c{c}}{\~a}o das universidades p{\'u}blicas e presenciais de Santa Catarina},
  author={Santos, Maria Teresa Silva and Van Vossen, La{\'\i}s Pisetta and Vasconcellos, Daniella and Borchardt, Guilherme Tomaselli and Vaichulonis, Gabriel and Frigo, Luciana Bolan and Gasparini, Isabela},
  journal={RENOTE},
  volume={20},
  number={1},
  pages={233--242},
  year={2022}
}

@inproceedings{santos2023panorama,
  title={Panorama da diversidade nos cursos presenciais de Computa{\c{c}}{\~a}o e Tecnologias da Informa{\c{c}}{\~a}o e Comunica{\c{c}}{\~a}o das universidades p{\'u}blicas de Santa Catarina},
  author={Santos, Maria Teresa Silva and Van Vossen, La{\'\i}s Pisetta and Vasconcellos, Daniella Martins and Borchardt, Guilherme Tomaselli and Junior, Roger Venson and da Silveira, Eric Carvalho and da Silva, Marily Dilamar and Gasparini, Isabela},
  booktitle={Anais do III Simp{\'o}sio Brasileiro de Educa{\c{c}}{\~a}o em Computa{\c{c}}{\~a}o},
  pages={69--78},
  year={2023},
  organization={SBC}
}


%%%%%%%%%%%%%%%%%%%%%%%%%%%%%%%%%%%

% QUESTIONÁRIO %

% ESTUDANTE UNIVERSIDADE
@article{Talar2020,
  doi = {10.11591/ijere.v9i3.20582},
  url = {https://doi.org/10.11591/ijere.v9i3.20582},
  year = {2020},
  month = sep,
  publisher = {Institute of Advanced Engineering and Science},
  volume = {9},
  number = {3},
  pages = {486},
  author = {Yulianti Talar and Jimmy Gozaly},
  title = {Student retention in Indonesian private university},
  journal = {International Journal of Evaluation and Research in Education ({IJERE})}
}

% ESTUDANTE UNIVERSIDADE + ESTUDANTE ESTUDANTE
@article{Barker2004,
  doi = {10.1080/08993400412331363853},
  url = {https://doi.org/10.1080/08993400412331363853},
  year = {2004},
  month = jun,
  publisher = {Informa {UK} Limited},
  volume = {14},
  number = {2},
  pages = {119--145},
  author = {Lecia J. Barker and Kathy Garvin-Doxas},
  title = {Making Visible the Behaviors that Influence Learning Environment: A Qualitative Exploration of Computer Science Classrooms},
  journal = {Computer Science Education}
}


@incollection{Staehr2001,
  doi = {10.1007/978-0-387-35400-2_2},
  url = {https://doi.org/10.1007/978-0-387-35400-2_2},
  year = {2001},
  publisher = {Springer {US}},
  pages = {23--38},
  author = {Lorraine Staehr and Mary Martin and Graeme Byrne},
  title = {An Intervention Programme for Women in Computing Courses: Does it Make a Difference?},
  booktitle = {Computers and Networks in the Age of Globalization}
}

@article{Giannakos2016,
  doi = {10.1007/s10639-016-9538-1},
  url = {https://doi.org/10.1007/s10639-016-9538-1},
  year = {2016},
  month = oct,
  publisher = {Springer Science and Business Media {LLC}},
  volume = {22},
  number = {5},
  pages = {2365--2382},
  author = {Michail N. Giannakos and Ilias O. Pappas and Letizia Jaccheri and Demetrios G. Sampson},
  title = {Understanding student retention in computer science education: The role of environment,  gains,  barriers and usefulness},
  journal = {Education and Information Technologies}
}

%%%%%%%%%%%%%%%%%%%%%%%%%%%%%%%%%%%

@article{petersen:2015,
    author = "Kai Petersen and Sairam Vakkalanka and Ludwik Kuzniarz",
    title = "Guidelines for conducting systematic mapping studies in software engineering: An update",
    journal = "Information and Software Technology",
    volume = "64",
    pages = "1 - 18",
    year = "2015",
    }

@article{lima:2013,
  title={As mulheres na Ci{\^e}ncia da Computa{\c{c}}{\~a}o},
  author={Lima, Michelle Pinto},
  journal={Revista Estudos Feministas},
  volume={21},
  pages={793--816},
  year={2013},
  publisher={SciELO Brasil}
}

@article{tinto:75,
    author = "Vincent Tinto",
    title ="Dropout from Higher Education: A Theoretical Synthesis of Recent Research",
    journal = "Review of Educational Research",
    volume = "45",
    number = "1",
    pages = "89-125",
    year = "1975",
}

@Book{knuth:84,
  author = 	 {Donald E. Knuth},
  title = 	 {The {\TeX} Book},
  publisher = 	 {Addison-Wesley},
  year = 	 {1984},
  edition = 	 {15th}
}

@InCollection{boulic:91,
  author = 	 {R. Boulic and O. Renault},
  title = 	 {3D Hierarchies for Animation},
  booktitle = 	 {New Trends in Animation and Visualization},
  publisher =    {John Wiley {\&} Sons ltd.},
  year = 	 {1991},
  editor = 	 {Nadia Magnenat-Thalmann and Daniel Thalmann}
}

@InCollection{smith:99,
  author = 	 {A. Smith and B. Jones},
  title = 	 {On the Complexity of Computing},
  booktitle = 	 {Advances in Computer Science},
  pages = 	 {555--566},
  publisher =    {Publishing Press},
  year = 	 {1999},
  editor = 	 {A. B. Smith-Jones}
}

@article{montmarquette:2001,
  title={The determinants of university dropouts: a bivariate probability model with sample selection},
  author={Claude Montmarquette and Sophie Mahseredjian and Rachel Houle},
  journal={Economics of education review},
  volume={20},
  number={5},
  pages={475--484},
  year={2001},
  publisher={Elsevier}
}

@inproceedings{macedo2020ferramenta,
  title={Uma ferramenta para recomenda{\c{c}}{\~a}o de visualiza{\c{c}}{\~a}o de dados governamentais abertos},
  author={Macedo, Daiane and Barcelos, Raissa and Bernardini, Flavia and Viterbo, Jos{\'e}},
  booktitle={Anais do VIII Workshop de Computa{\c{c}}{\~a}o Aplicada em Governo Eletr{\^o}nico},
  pages={96--107},
  year={2020},
  organization={SBC}
}

@article{davenport2012data,
  title={Data scientist},
  author={Davenport, Thomas H and Patil, DJ},
  journal={Harvard business review},
  volume={90},
  number={5},
  pages={70--76},
  year={2012}
}

@article{abbad:2005,
  title={Evas{\~a}o em Curso a Dist{\^a}ncia via Internet: explorando vari{\'a}veis explicativas},
  author={Abbad, GS and Carvalho, Renata Silveira and Zerbini, Tha{\'\i}s},
  journal={Encontro da ANPAD},
  volume={29},
  year={2005}
}

@inproceedings{maia:2005,
  title={Tecnologias de informa{\c{c}}{\~a}o e comunica{\c{c}}{\~a}o e os {\'\i}ndices de evas{\~a}o nos cursos a dist{\^a}ncia},
  author={Maia, M de C and Meirelles, F de S},
  booktitle={Proceedings of 12th International Congress of Distance Education},
  year={2005}
}
@inproceedings{van2023dropoutless,
  title={Dropoutless: plataforma colaborativa de predi{\c{c}}{\~a}o de evas{\~a}o},
  author={Van Vossen, La{\'\i}s Pisetta and Santos, Maria Teresa Silva and Frigo, Luciana Bolan and Gasparini, Isabela},
  booktitle={Anais do XVIII Simp{\'o}sio Brasileiro de Sistemas Colaborativos},
  pages={193--201},
  year={2023},
  organization={SBC}
}

@article{stratton:2008,
  title={A multinomial logit model of college stopout and dropout behavior},
  author={Leslie S. Stratton and Dennis M. O'Toole and James N. Wetzel},
  journal={Economics of education review},
  volume={27},
  number={3},
  pages={319--331},
  year={2008},
  publisher={Elsevier}
}

@inproceedings{patitsas2014historical,
  title={A historical examination of the social factors affecting female participation in computing},
  author={Patitsas, Elizabeth and Craig, Michelle and Easterbrook, Steve},
  booktitle={Proceedings of the 2014 conference on Innovation \& technology in computer science education},
  pages={111--116},
  year={2014}
}

@misc{NacaoUnida:2023,
    author ={Nações Unidas Brasil},
    year = {2023},
    title ={Os Objetivos de Desenvolvimento Sustentável no Brasil},
    url ={https://brasil.un.org/pt-br/sdgs/4},
    month ={Janeiro},
    lastaccessed ={Janeiro 17, 2023},
}

@misc{ACATE:2018,
  author={Observatório ACATE},
  title={Panorama do Setor de Tecnologia de Santa Catarina},
  year={2018},
  note={\newline\url{https://www.acate.com.br/wp-content/uploads/2018/11/ACATE-Observat\%C3\%B3rio-2018.pdf}},
}

@misc{LAI:2011,
  author={BRASIL},
  title={Decreto nº 12.527, de 18 de Novembro de 2011},
  howpublished ={Diário Oficial da União},
  year={2011},
  note={\newline\url{https://www.planalto.gov.br/ccivil_03/_ato2011-2014/2011/lei/l12527.htm}},
}

@article{barros2018panorama,
  title={Panorama da participa{\c{c}}{\~a}o feminina na educa{\c{c}}{\~a}o superior, no mercado de trabalho e na sociedade},
  author={Barros, Suzane Carvalho da Vit{\'o}ria and Mour{\~a}o, Luciana},
  journal={Psicologia \& Sociedade},
  volume={30},
  year={2018},
  publisher={SciELO Brasil}
}

@article{botella:19,
  title={Gender diversity in STEM disciplines: A multiple factor problem},
  author={Botella, Carmen and Rueda, Silvia and L{\'o}pez-I{\~n}esta, Emilia and Marzal, Paula},
  journal={Entropy},
  volume={21},
  number={1},
  pages={30},
  year={2019},
  publisher={MDPI}
}

@misc{dados:2017,
  title={Metodologia de C{\'a}lculo dos Indicadores de Fluxo da Educa{\c{c}}{\~a}o Superior},
  author={INEP},
  note={\newline\url{http://download.inep.gov.br/informacoes_estatisticas/indicadores_educacionais/2017/metodologia_indicadores_trajetoria_curso.pdf.}},
  year={2017}
}

@article{marx:2013,
  title={Data visualization: ambiguity as a fellow traveler},
  author={Marx, Vivien},
  journal={Nature methods},
  volume={10},
  number={7},
  pages={613--615},
  year={2013},
  publisher={Nature Publishing Group}
}

@INPROCEEDINGS{silva:2019,
  author={P. M. da Silva and M. N. C. A. Lima and W. L. Soares and I. R. R. Silva and R. A. de A. Fagundes and F. F. de Souza},
  booktitle={2019 8th Brazilian Conference on Intelligent Systems (BRACIS)}, 
  title={Ensemble Regression Models Applied to Dropout in Higher Education}, 
  year={2019},
  pages={120-125}
 }

 
@article{mussliner:2021,
  title={O problema da evas{\~a}o universit{\'a}ria: um desafio {\`a} democratiza{\c{c}}{\~a}o do ensino superior p{\'u}blico},
  author={Mussliner, Bruno Osvaldo and de Sousa, Monica and Mussliner, Silva and Meza, Edwin Benito Mitacc and Rodr{\'\i}guez, Guillermo Luj{\'a}n},
  journal={Brazilian Journal of Development},
  volume={7},
  number={4},
  pages={42738--42758},
  year={2021}
}